<record><leader>00000cas a22000007a 4500</leader><controlfield tag="001">10967693</controlfield><controlfield tag="008">840719d18uu187uiaudr ne      0    0eng d</controlfield><datafield ind1=" " ind2=" " tag="010"><subfield code="a">sn 84027254 </subfield></datafield><datafield ind1=" " ind2=" " tag="040"><subfield code="a">NPU</subfield><subfield code="b">eng</subfield><subfield code="c">NPU</subfield><subfield code="d">NPX</subfield><subfield code="d">INP</subfield><subfield code="d">OCLCQ</subfield></datafield><datafield ind1=" " ind2=" " tag="042"><subfield code="a">msc</subfield></datafield><datafield ind1="0" ind2="0" tag="245"><subfield code="a">Muscatine evening journal.</subfield></datafield><datafield ind1=" " ind2=" " tag="260"><subfield code="a">Muscatine, Iowa :</subfield><subfield code="b">Mahin Bros.</subfield></datafield><datafield ind1=" " ind2=" " tag="300"><subfield code="a">v. :</subfield><subfield code="b">ill. ;</subfield><subfield code="c">61 cm.</subfield></datafield><datafield ind1=" " ind2=" " tag="310"><subfield code="a">Daily</subfield></datafield><datafield ind1="1" ind2=" " tag="362"><subfield code="a">Began between Jan. 25, 1869 and Nov. 25, 1870; ceased between May 1, 1873 and Feb. 5, 1875.</subfield></datafield><datafield ind1=" " ind2=" " tag="500"><subfield code="a">Editors: Mahin Bros., &lt;1870&gt;.</subfield></datafield><datafield ind1=" " ind2=" " tag="588"><subfield code="a">Description based on: Vol. 16, no. 84 (Nov. 25, 1870).</subfield></datafield><datafield ind1=" " ind2=" " tag="752"><subfield code="a">United States</subfield><subfield code="b">Iowa</subfield><subfield code="c">Muscatine</subfield><subfield code="d">Muscatine.</subfield></datafield><datafield ind1="0" ind2=" " tag="775"><subfield code="t">Muscatine weekly journal</subfield><subfield code="w">(DLC)sn 84027253</subfield><subfield code="g">&lt;Nov. 25, 1870-May 1, 1873&gt;</subfield></datafield><datafield ind1="0" ind2=" " tag="775"><subfield code="t">Muscatine tri-weekly journal</subfield><subfield code="w">(DLC)sn 84027258</subfield><subfield code="g">&lt;May 1, 1873&gt;</subfield></datafield><datafield ind1="0" ind2="0" tag="780"><subfield code="t">Muscatine daily journal (Muscatine, Iowa : 1855)</subfield><subfield code="w">(DLC)sn 87058203</subfield></datafield><datafield ind1="0" ind2="0" tag="785"><subfield code="t">Muscatine daily journal (Muscatine, Iowa : 1875)</subfield><subfield code="w">(DLC)sn 84024499</subfield></datafield><datafield ind1="1" ind2=" " tag="029"><subfield code="a">AU@</subfield><subfield code="b">000025788312</subfield></datafield></record>